%%%%%%%%%%%%%%%%%%%%%%%%%%%%%%%%%%%%%%%%%%%%%%%%%%%%%%%%%%%%%%%%%%%%%
% In English:
%    Bibliography template.
%
% In Portuguese:
%    Modelo de bibliografaa
%
%%%%%%%%%%%%%%%%%%%%%%%%%%%%%%%%%%%%%%%%%%%%%%%%%%%%%%%%%%%%%%%%%%%%%
@article{sampaio2007,
    author = {Sampaio, Rosana},
    year = {2007},
    month = {02},
    pages = {},
    title = {Estudos de revisão sistemática: Um guia para síntese criteriosa da evidência científica},
    volume = {11},
    journal = {Revista Brasileira De Fisioterapia - REV BRAS FISIOTER},
    doi = {10.1590/S1413-35552007000100013}
}
